@book{nachef,
    title = "Feistel Ciphers: Security Proofs and Cryptanalysis",
    author = "Valerie Nachef und Jacques Patarin und Emmanuel Volte",
    isbn = "9783319495309",
    year = "2017",
    publisher = "Springer"
}

@online{rfc5652,
    author = "R. Housley",
    title = "[RFC5652] Cryptographic Message Syntax (CMS)",
    url = "https://tools.ietf.org/html/rfc5652",
    addendum = "(accessed: 29.06.2019)"
}
