@book{nachef,
    title = "Feistel Ciphers: Security Proofs and Cryptanalysis",
    author = "Valerie Nachef, Jacques Patarin \& Emmanuel Volte",
    isbn = "9783319495309",
    year = "2017",
    publisher = "Springer"
}

@book{appcrypt,
    title = "Applied Cryptography: Protocols, Algorithms, and Source Code in C",
    author = "Bruce Schneier",
    isbn = "0471117099",
    year = "1996",
    publisher = "John Wiley \& Sons"
}

@book{handcrypt,
    title = "Handbook of Applied Cryptography",
    author = "Alfred J. Menezes, Paul C. van Oorschot \& Scott A. Vanstone",
    isbn = "0849385237",
    year = "1997",
    publisher = "CRC Press"
}

@article{ssltls,
    author = "Thai Duong \& Juliano Rizzo",
    title = "Here Come The $\oplus$ Ninjas",
    year = "2011",
    month = "05",
    url = "https://pdfs.semanticscholar.org/6446/4198f4e6c10611cfb7dfe26bbb7ca4ddd344.pdf?_ga=2.101213126.61480899.1563551514-712018161.1563551514",
    addendum = "(aufgerufen: 19.07.2019)"
}

@article{wep,
	author = "Nikita Borisov, Ian Goldberg \& David Wagner",
    title = "Intercepting Mobile Communications: The Insecurity of 802.11",
    url = "http://www.isaac.cs.berkeley.edu/isaac/mobicom.pdf",
    addendum = "(aufgerufen: 19.07.2019)"
}

@article{rc5rev,
    author = "Ronald L. Rivest",
    title = "The RC5 Encryption Algorithm*",
    year = "1997",
    month = "03",
    url = "http://people.csail.mit.edu/rivest/Rivest-rc5rev.pdf",
    addendum = "(aufgerufen: 06.07.2019)"
}

@online{rfc5652,
    author = "R. Housley",
    title = "[RFC5652] Cryptographic Message Syntax (CMS)",
    url = "https://tools.ietf.org/html/rfc5652",
    addendum = "(aufgerufen: 29.06.2019)"
}

@online{pseudorandomness,
    title = "Pseudorandomness",
    url = "https://en.wikipedia.org/wiki/Pseudorandomness",
    addendum = "(aufgerufen: 06.07.2019)"
}

@article{elbaz,
    author = "Limor Elbaz \& Hagai Bar-El",
    title = "Strength Assessment of Encryption Algorithms",
    year = "2000",
    month = "10",
    url = "https://pdfs.semanticscholar.org/03cb/17aad62a46d0fad1133f9656ff0f8a4e39dc.pdf",
    addendum = "(aufgerufen: 06.07.2019)"
}

@techreport{bsi,
    author = "Bundesamt f√ºr Sicherheit und Informationstechnik",
    title = "Cryptographic Mechanisms: Recommendations and Key Lengths",
    year = "2019",
    month = "01",
    number = "TR-02102-1",
    type = "Technical Guideline",
    url = "https://www.bsi.bund.de/SharedDocs/Downloads/EN/BSI/Publications/TechGuidelines/TG02102/BSI-TR-02102-1.pdf?__blob=publicationFile&v=9",
    addendum = "(aufgerufen: 06.07.2019)"
}

@techreport{kaliski+yin,
    author = "Burton S. Kaliski Jr. \& Yiqun Lisa Yin",
    title = "On the Security of the RC5 Encryption Algorithm",
    institution = "RSA Laboratories",
    year = "1998",
    month = "09",
    number = "TR-602",
    version = "1.0",
    type = "Technical Report"
}

@inproceedings{knudsen+meier,
    author = "Lars R. Knudsen \& Willi Meier",
    title = "Improved Differential Attacks on RC5",
    year = "1998",
    month = "11",
    url = "https://link.springer.com/content/pdf/10.1007%2F3-540-68697-5_17.pdf",
    addendum = "(aufgerufen: 06.07.2019)"
}

@article{heys,
    author = "H. M. Heys",
    title = "Linearly Weak Keys of RC5",
    year = "1997",
    month = "05",
    url = "https://pdfs.semanticscholar.org/f4cb/0acab4eb24a74e49fce909496b10d62b266c.pdf",
    addendum = "(aufgerufen: 06.07.2019)"
}

